<record><leader>00000cas a22000007a 4500</leader><controlfield tag="001">1769515</controlfield><controlfield tag="008">751101d19471960mnuwr ne      0    0eng d</controlfield><datafield ind1=" " ind2=" " tag="010"><subfield code="a">sn 89064168 </subfield></datafield><datafield ind1=" " ind2=" " tag="040"><subfield code="a">MUL</subfield><subfield code="b">eng</subfield><subfield code="c">MUL</subfield><subfield code="d">MN#</subfield><subfield code="d">OCLCQ</subfield><subfield code="d">OCLCF</subfield><subfield code="d">OCLCO</subfield></datafield><datafield ind1="1" ind2=" " tag="029"><subfield code="a">AU@</subfield><subfield code="b">000025854986</subfield></datafield><datafield ind1=" " ind2=" " tag="042"><subfield code="a">msc</subfield></datafield><datafield ind1=" " ind2=" " tag="043"><subfield code="a">n-us-mn</subfield></datafield><datafield ind1=" " ind2=" " tag="052"><subfield code="a">4144</subfield><subfield code="b">W335</subfield></datafield><datafield ind1=" " ind2=" " tag="052"><subfield code="a">4143</subfield><subfield code="b">C4</subfield></datafield><datafield ind1="0" ind2="4" tag="245"><subfield code="a">The Watson journal.</subfield></datafield><datafield ind1=" " ind2=" " tag="260"><subfield code="a">Watson, Chippewa County, Minn. :</subfield><subfield code="b">Ray Steinmeir,</subfield><subfield code="c">1947-</subfield></datafield><datafield ind1=" " ind2=" " tag="310"><subfield code="a">Weekly</subfield></datafield><datafield ind1=" " ind2=" " tag="530"><subfield code="a">Available on microfilm from the Minnesota Historical Society.</subfield></datafield><datafield ind1=" " ind2="0" tag="651"><subfield code="a">Watson (Minn.)</subfield><subfield code="v">Newspapers.</subfield></datafield><datafield ind1=" " ind2="7" tag="655"><subfield code="a">Newspapers.</subfield><subfield code="2">fast</subfield><subfield code="0">(OCoLC)fst01423814</subfield></datafield><datafield ind1=" " ind2="7" tag="651"><subfield code="a">Minnesota</subfield><subfield code="z">Watson.</subfield><subfield code="2">fast</subfield><subfield code="0">(OCoLC)fst01254551</subfield></datafield><datafield ind1=" " ind2=" " tag="752"><subfield code="a">United States</subfield><subfield code="b">Minnesota</subfield><subfield code="c">Chippewa</subfield><subfield code="d">Watson.</subfield></datafield><datafield ind1="0" ind2="4" tag="785"><subfield code="t">Milan standard (Milan, Minn.)</subfield><subfield code="w">(DLC)sn 89064169</subfield></datafield></record>